<?xml version="1.0" encoding="UTF-8"?><collection xmlns="http://www.loc.gov/MARC21/slim"><record><leader>00632nam--2200205-i-4500</leader><controlfield tag="001">000004728</controlfield><controlfield tag="002">20161230</controlfield><controlfield tag="005">20170209163211</controlfield><controlfield tag="008">060222s1000------------r-----000-0-fre-d</controlfield><datafield ind1=" " ind2=" " tag="040"><subfield code="a">IFIN-HH</subfield></datafield><datafield ind1=" " ind2=" " tag="041"><subfield code="a">fre</subfield></datafield><datafield ind1=" " ind2=" " tag="080"><subfield code="a">539.2</subfield></datafield><datafield ind1="1" ind2=" " tag="100"><subfield code="a">Fast, J. D</subfield></datafield><datafield ind1="1" ind2="0" tag="245"><subfield code="a">La diffusion dans les metaux</subfield><subfield code="b">Comptes rendu du colloque tenu a Eindhoven les 10 et 11 septembre 1956</subfield><subfield code="c">J.D.Fast, G.G. Bueren, J. Philibert (comite de redaction)</subfield></datafield><datafield ind1=" " ind2=" " tag="260"><subfield code="a">Paris</subfield><subfield code="b">Dunod</subfield><subfield code="c">1957</subfield></datafield><datafield ind1=" " ind2=" " tag="300"><subfield code="a">124 p., 82 Fig</subfield></datafield><datafield ind1=" " ind2=" " tag="490"><subfield code="a">Bibliotheque Technique Philips</subfield></datafield><datafield ind1="1" ind2=" " tag="700"><subfield code="a">Philibert, Jean</subfield></datafield><datafield ind1=" " ind2=" " tag="852"><subfield code="a">13965</subfield><subfield code="c">539.217</subfield></datafield><datafield ind1=" " ind2=" " tag="CAT"><subfield code="a">SYS</subfield><subfield code="c">20170209</subfield><subfield code="h">163211</subfield></datafield></record></collection>